@online{kummer,
author = {Kummer, Mario},
title  = {Eigenvalues of Symmetric Matrices over Integral Domains},
url    = {https://arxiv.org/pdf/1511.01048.pdf}
}

@online{brouwer-haemers,
author = {Kummer, Mario},
title  = {Spectra of graphs},
url    = {https://www.win.tue.nl/~aeb/2WF02/spectra.pdf}
}
